%% LaTeX2e file `irc-2020-2.bib'
%% generated by the `filecontents' environment
%% from source `irc-2020-2' on 2020/07/25.
%%
