%% LaTeX2e file `irc-2020-2.bib'
%% generated by the `filecontents' environment
%% from source `irc-2020-2' on 2020/10/19.
%%
@article{salami2014uav,
  title={{UAV} flight experiments applied to the remote sensing of vegetated areas},
  author={Salam{\'\i}, Esther and Barrado, Cristina and Pastor, Enric},
  journal={Remote Sensing},
  volume={6},
  number={11},
  pages={11051--11081},
  year={2014},
  publisher={MDPI}
}
@inproceedings{costa2012use,
  title={The use of unmanned aerial vehicles and wireless sensor network in agricultural applications},
  author={Costa, Fausto G and Ueyama, J{\'o} and Braun, Torsten and Pessin, Gustavo and Os{\'o}rio, Fernando S and Vargas, Patr{\'\i}cia A},
  booktitle={2012 IEEE Int.\ Geoscience and Remote Sensing Symp.},
  pages={5045--5048},
  year={2012},
  Xorganization={IEEE}
}
@inproceedings{seewald2020mechanical,
  title={Mechanical and Computational Energy Estimation of a Fixed-Wing Drone},
  author={Seewald, Adam and Garcia de Marina, Hector and Midtiby, Henrik Skov and Schultz, Ulrik Pagh},
  booktitle={2020 4th IEEE IRC},
  xBookTitle={Int.\ Conf.\ on Robotic Computing (IRC)},
  pages={to appear},
  year={2020},
  Xorganization={IEEE}
}
@inproceedings{saripalli2002vision,
  title={Vision-based autonomous landing of an unmanned aerial vehicle},
  author={Saripalli, Srikanth and Montgomery, James F and Sukhatme, Gaurav S},
  booktitle={2002 IEEE ICRA},
  volume={3},
  pages={2799--2804},
  year={2002},
  Xorganization={IEEE}
}

@inproceedings{saripalli2003landing,
  title={Landing on a moving target using an autonomous helicopter},
  author={Saripalli, Srikanth and Sukhatme, Gaurav S},
  booktitle={Field and Service Robotics},
  pages={277--286},
  year={2003},
  organization={Springer}
}

@inproceedings{lee2012autonomous,
  title={Autonomous landing of a {VTOL UAV} on a moving platform using image-based visual servoing},
  author={Lee, Daewon and Ryan, Tyler and Kim, H Jin},
  booktitle={2012 IEEE ICRA},
  pages={971--976},
  year={2012},
  Xorganization={IEEE}
}

@inproceedings{chen2016system,
  title={System integration of a vision-guided {UAV} for autonomous landing on moving platform},
  author={Chen, Xudong and Phang, Swee King and Shan, Mo and Chen, Ben M},
  booktitle={2016 12th IEEE ICCA},
  pages={761--766},
  year={2016},
  Xorganization={IEEE}
}
@inproceedings{falanga2017vision,
  title={Vision-based autonomous quadrotor landing on a moving platform},
  author={Falanga, Davide and Zanchettin, Alessio and Simovic, Alessandro and Delmerico, Jeffrey and Scaramuzza, Davide},
  booktitle={2017 IEEE SSRR},
  pages={200--207},
  year={2017},
  Xorganization={IEEE}
} 
@article{araar2017vision,
  title={Vision based autonomous landing of multirotor {UAV} on moving platform},
  author={Araar, Oualid and Aouf, Nabil and Vitanov, Ivan},
  journal={J.\ Intelligent \& Robotic Systems},
  volume={85},
  number={2},
  pages={369--384},
  year={2017},
  publisher={Springer}
}
@article{feng2018autonomous,
  title={Autonomous landing of a {UAV} on a moving platform using model predictive control},
  author={Feng, Yi and Zhang, Cong and Baek, Stanley and Rawashdeh, Samir and Mohammadi, Alireza},
  journal={Drones},
  volume={2},
  number={4},
  pages={34},
  year={2018},
  publisher={MDPI}
}
@article{kyristsis2016towards,
  title={Towards autonomous modular {UAV} missions: The detection, geo-location and landing paradigm},
  author={Kyristsis, Sarantis and Antonopoulos, Angelos and Chanialakis, Theofilos and Stefanakis, Emmanouel and Linardos, Christos and Tripolitsiotis, Achilles and Partsinevelos, Panagiotis},
  journal={Sensors},
  volume={16},
  number={11},
  pages={1844},
  year={2016},
  publisher={MDPI}
}
@inproceedings{acuna2018vision,
  title={Vision-based {UAV} landing on a moving platform in {GPS} denied environments using motion prediction},
  author={Acuna, Raul and Zhang, Ding and Willert, Volker},
  booktitle={2018 Latin American Robotic Symp., 2018 Brazilian Symp.\ on Robotics (SBR) and 2018 Workshop on Robotics in Education (WRE)},
  pages={515--521},
  year={2018},
  organization={IEEE}
}
@inproceedings{lee2016vision,
  title={Vision-based {UAV} landing on the moving vehicle},
  author={Lee, Hanseob and Jung, Seokwoo and Shim, David Hyunchul},
  booktitle={2016 Int.\ Conf.\ on Unmanned Aircraft Systems (ICUAS)},
  pages={1--7},
  year={2016},
  organization={IEEE}
}
@article{nguyen2018lightdenseyolo,
  title={{LightDenseYOLO}: A fast and accurate marker tracker for autonomous {UAV} landing by visible light camera sensor on drone},
  author={Nguyen, Phong Ha and Arsalan, Muhammad and Koo, Ja Hyung and Naqvi, Rizwan Ali and Truong, Noi Quang and Park, Kang Ryoung},
  journal={Sensors},
  volume={18},
  number={6},
  pages={1703},
  year={2018},
  publisher={MDPI}
}
@article{guo2020precision,
  title={Precision Landing Test and Simulation of the Agricultural {UAV} on Apron},
  author={Guo, Yangyang and Guo, Jiaqian and Liu, Chang and Xiong, Hongting and Chai, Lilong and He, Dongjian},
  journal={Sensors},
  volume={20},
  number={12},
  pages={3369},
  year={2020},
  publisher={MDPI}
}
@article{yuan2018hierarchical,
  title={A hierarchical vision-based localization of rotor unmanned aerial vehicles for autonomous landing},
  author={Yuan, Haiwen and Xiao, Changshi and Xiu, Supu and Zhan, Wenqiang and Ye, Zhenyi and Zhang, Fan and Zhou, Chunhui and Wen, Yuanqiao and Li, Qiliang},
  journal={Int.\ J.\ Distributed Sensor Networks},
  volume={14},
  number={9},
  year={2018},
  publisher={SAGE Publications Sage UK}
}
@article{yang2018hybrid,
  title={Hybrid camera array-based {UAV} auto-landing on moving {UGV} in {GPS}-denied environment},
  author={Yang, Tao and Ren, Qiang and Zhang, Fangbing and Xie, Bolin and Ren, Hailei and Li, Jing and Zhang, Yanning},
  journal={Remote Sensing},
  volume={10},
  number={11},
  pages={1829},
  year={2018},
  publisher={MDPI}
}
@inproceedings{olson2011apriltag,
  title={{AprilTag:} A robust and flexible visual fiducial system},
  author={Olson, Edwin},
  booktitle={2011 IEEE ICRA},
  pages={3400--3407},
  year={2011},
  Xorganization={IEEE}
}
@article{berenz2012autonomous,
  title={Autonomous battery management for mobile robots based on risk and gain assessment},
  author={Berenz, Vincent and Tanaka, Fumihide and Suzuki, Kenji},
  journal={Artificial Intelligence Review},
  volume={37},
  number={3},
  pages={217--237},
  year={2012},
  publisher={Springer}
}
@inproceedings{mei2005case,
  title={A case study of mobile robot's energy consumption and conservation techniques},
  author={Mei, Yongguo and Lu, Yung-Hsiang and Hu, Y Charlie and Lee, CS George},
  booktitle={2005 IEEE ICRA},
  pages={492--497},
  year={2005},
  Xorganization={IEEE}
}
@inproceedings{mei2004energy,
  title={Energy-efficient motion planning for mobile robots},
  author={Mei, Yongguo and Lu, Yung-Hsiang and Hu, Y Charlie and Lee, CS George},
  booktitle={2004 IEEE ICRA},
  volume={5},
  pages={4344--4349},
  year={2004},
  Xorganization={IEEE}
}
@article{mei2006deployment,
  title={Deployment of mobile robots with energy and timing constraints},
  author={Mei, Yongguo and Lu, Yung-Hsiang and Hu, Yu Charlie and Lee, CS George},
  journal={IEEE Trans.\ Robotics},
  volume={22},
  number={3},
  pages={507--522},
  year={2006},
  XZpublisher={IEEE}
}
@article{morales2009power,
  title={Power consumption modeling of skid-steer tracked mobile robots on rigid terrain},
  author={Morales, Jesus and Martinez, Jorge L and Mandow, Anthony and Garc{\'\i}a-Cerezo, Alfonso J and Pedraza, Salvador},
  journal={IEEE Trans.\ Robotics},
  volume={25},
  number={5},
  pages={1098--1108},
  year={2009},
  Xpublisher={IEEE}
}
@article{seewald2019coarse,
  title={Coarse-Grained Computation-Oriented Energy Modeling for Heterogeneous Parallel Embedded Systems},
  author={Seewald, Adam and Schultz, Ulrik Pagh and Ebeid, Emad and Midtiby, Henrik Skov},
  journal={Int.\ J.\ Parallel Programming},
  pages={1--22},
  year={2019},
  publisher={Springer}
}
@inproceedings{nardi2015introducing,
  title={Introducing {SLAMBench}, a performance and accuracy benchmarking methodology for SLAM},
  author={Nardi, Luigi and Bodin, Bruno and Zia, M Zeeshan and Mawer, John and Nisbet, Andy and Kelly, Paul HJ and Davison, Andrew J and Luj{\'a}n, Mikel and O'Boyle, Michael FP and Riley, Graham and others},
  booktitle={2015 IEEE ICRA},
  pages={5783--5790},
  year={2015},
  Xorganization={IEEE}
}
@article{sadrpour2013mission,
  title={Mission Energy Prediction for Unmanned Ground Vehicles Using Real-time Measurements and Prior Knowledge},
  author={Sadrpour, Amir and Jin, Jionghua and Ulsoy, A Galip},
  journal={J.\ Field Robotics},
  volume={30},
  number={3},
  pages={399--414},
  year={2013},
  publisher={Wiley Online Library}
}
@inproceedings{sadrpour2013experimental,
  title={Experimental validation of mission energy prediction model for unmanned ground vehicles},
  author={Sadrpour, Amir and Jin, Judy and Ulsoy, A Galip},
  booktitle={2013 American Control Conf.},
  pages={5960--5965},
  year={2013},
  organization={IEEE}
}

@misc{NfoldMarker,
    title = "{N-fold marker tracker repository}",
    author="{Henrik Skov Midtiby}",
    year = "2015",
    howpublished = "\url{https://github.com/henrikmidtiby/MarkerLocator}"
}

n@misc{ArUco_marker,
    title = "{Detection of {ArUco} markers}",
    author="{OpenCV}",
    year = "2020",
    howpublished = "\url{https://docs.opencv.org/3.4/d5/dae/tutorial_aruco_detection.html}"
}

@misc{Dynamic_pressure_NASA,
    title = "{Dynamic pressure {(NASA)}}",
    author="{NASA}",
    year = "2020",
    howpublished = "\url{https://www.grc.nasa.gov/WWW/K-12/airplane/dynpress.html}"
}

@book{anderson2010fundamentals,
  title={Fundamentals of aerodynamics},
  author={Anderson Jr, John David},
  year={2010},
  publisher={Tata McGraw-Hill Education}
}

@article{yolov3,
  title={{YOLOv3}: An Incremental Improvement},
  author={Redmon, Joseph and Farhadi, Ali},
  journal = {arXiv},
  year={2018}
}

@misc{bjelonicYolo2018,
  author = {Marko Bjelonic},
  title = {{YOLO ROS}: Real-Time Object Detection for {ROS}},
  howpublished = {\url{https://github.com/leggedrobotics/darknet_ros}},
  year = {2016--2018},
}

